%% This BibTeX bibliography file was created using BibDesk.
%% http://bibdesk.sourceforge.net/

%% Created for Jessamy Mol at 2017-11-09 11:37:34 +0100 


%% Saved with string encoding Unicode (UTF-8) 

@misc{SVT,
Author = {SVT Nyheter},
title = {Vintern 2017-2018},
howpublished ={\url{https://www.svt.se/vader/vintern20172018}},
note = {Accessed: 2017-11-09}
}

@misc{SMHI,
Author = {Sveriges meteorologiska och hydrologiska institut (SMHI)},
title = {Ã…rstider},
howpublished ={\url{https://www.smhi.se/kunskapsbanken/meteorologi/arstider-1.1082}},
note = {Accessed: 2017-11-09}
}